@book{Kwiatkowski2007,
      title     = {Metody Automatycznego Rozpoznawania Wzorców.},
      author    = {Włodzimierz Kwiatkowski},
      year      = {2007},
      publisher = {BelStudio},
      address   = {Warszawa}
    }
@book{Kosinski2017,
      title = {Sztuczne sieci neuronowe Dynamika Nieliniowa i chaos},
      author = {Robert A. Kosiński},
      year = {2017},
      publisher = {Wydawnictwo WNT},
      address = {Warszawa}
 }
 
 @book{Chua1998,
author = {Chua, Leon O},
title = {CNN: A Paradigm for Complexity},
publisher = {WORLD SCIENTIFIC},
year = {1998},
doi = {10.1142/3801},
address = {},
edition   = {},
URL = {https://www.worldscientific.com/doi/abs/10.1142/3801},
eprint = {https://www.worldscientific.com/doi/pdf/10.1142/3801}
}

@misc{Obrebski2020,
  author        = {Tomasz Obrębski},
  title         = {Euterpea},
  month         = {Marzec},
  year          = {2020},
  publisher={Uniwersytet im. Adama Mickiewicza w Poznaniu},
  howpublished = {\url{https://obrebski.faculty.wmi.amu.edu.pl}},
  note = {Dostęp: 17.08.21}
}
@book{HSOM_2018,
      title = {The Haskell School of Music},
      author = {Paul Hudak and Donya Quick},
      year = 2018,
      publisher = {Cambridge University Press},
      address = {Cambridge},
      
 }
 
 @book{Raschka_2019,
      title = {Python Uczenie Maszynowe},
      author = {Sebastian Raschka and Vahid Mirjalili},
      year = 2019,
      publisher = {Helion S.A},
      address = {Gliwice},
      
 }
 
 @book{Rutkowski_2008,
      title = {Algebra Liniowa w Zadaniach},
      author = {Jerzy Rutkowski},
      year = 2008,
      publisher = {Wydawnictwo Naukowe PWN},
      address = {Warszawa}
      
 }
 
 @misc{Newelski2005,
  author        = {Ludomir Newelski},
  title         = {Przestrzenie Liniowe},
  year          = {2005},
  publisher={Uniwersytet Wrocławski},
  howpublished = {\url{http://www.math.uni.wroc.pl/~newelski/dydaktyka/alglin2A/skrypt2/skrypt/node2.html}},
  note = {Dostęp: 06.09.21}

}

@misc{Kowalski2021,
 author = {Kowalski, Mateusz},
 title = {Macierze},
 url = {https://www.kowalskimateusz.pl/macierze/},
 lastchecked = {24.11.2021},
 year = 2021
}

 @book{Algebra2000,
      title = {Matematyka dla studiów inżynierskich},
      author = {Białas, Stanisław and Ćmiel, Adam and Fitzke Andrzej},
      year = 2000,
      publisher = {Wydawnictwa AFG},
      address = {Kraków}
      
 }
 
 @article{Haber2012,
  title={Three-Dimensional Rotation Matrices},
  author={Howard E. Haber},
  year={2012},
  publisher={UCSC}
}

 @article{Weisstein2000,
  title={Three-Dimensional Rotation Matrices},
  author={Weisstein, Eric W.},
  year={2000},
  publisher={MathWorld},
  howpublished = {\url{https://mathworld.wolfram.com/RotationMatrix.html}},
  journal ={MathWorld}
}
@misc{Brown2006,
 author = {Kevin S. Brown},
 title = {Rotation Matrices},
 url = {https://www.mathpages.com/home/kmath593/kmath593.htm},
 lastchecked = {24.11.2021},
 year = 2006
}

@misc{Vorobets2017,
 author = {Yaroslav Vorobets},
 title = {Math 304 Lecture 37: Rotations in Space},
 url = {https://www.math.tamu.edu/~yvorobet/MATH304-2010C/Lect4-03web.pdf},
 lastchecked = {24.11.2021},
 year = 2017
}

@misc{Glowacki2013,
 author = {Mirosław Głowacki},
 title = {Przekształcenia geometryczne},
 url = {https://home.agh.edu.pl/~glowacki/docs/matwykl/GrafKomp/PrzeksztGeom2D.pdf},
 lastchecked = {25.11.2021},
 publisher = {Wydział Inżynierii Metali i Informatyki Przemysłowej
Akademia Górniczo Hutnicza w Krakowie},
 year = 2013
}

@misc{Badura2005,
 author = {Marek Badura},
 title = {Przekształcenia geometryczne w grafice komputerowej},
 url = {http://math.uni.lodz.pl/~marekbad/files/grafika/wyklady/Wyklad_03.pdf},
 publisher = {Wydział Matematyki i Informatyki Uniwersytetu Łódzkiego},
 lastchecked = {26.11.2021},
 year = 2005
}

@misc{Wlodarczyk2004,
 author = {Włodarczyk, Monika and Szczecińska, Martyna},
 title = {Fragment Proseminarium z Algebry liniowej},
 url = {http://math.uni.lodz.pl/~grhorb/download/Proseminarium/22_algebra cd.pdf},
 publisher = {Wydział Matematyki i Informatyki Uniwersytetu Łódzkiego},
 lastchecked = {26.11.2021},
 year = 2014
}

 @book{Farenick2001,
      title = {Algebras of Linear Transformations},
      author = {Douglas R. Farenick},
      year = 2001,
      publisher = {Springer},
      address = {Switzerland}
      
 }
 
  @book{Usarzewicz2018,
      title = {Teoria muzyki dla muzyków komputerowych},
      author = {Wojciech Usarzewicz},
      year = 2018,
      publisher = {SELF-PUBLISHER},
      address = {Warszawa}
      
 }
 
   @book{Pilhofer2018,
      title = {Teoria muzyki dla bystrzaków},
      author = {Pilhofer, Michael and Day, Holly},
      year = 2014,
      publisher = {Septem},
      address = {Warszawa}
      
 }
 
 @article{MIDI_Format,
author = {de Oliveira, Hélio and Oliveira, Raimundo},
year = {2017},
title = {Understanding MIDI: A Painless Tutorial on Midi Format},
journal = {cs.SD}
}

@misc{MIDI,
   title = "{MIDI} [online]. Wikipedia : wolna encyklopedia",
   year = "2021-07-24 14:48Z",
   author = {{MIDI}},
   note = "[dostęp: 2021-12-03 12:23Z]. Dostępny w Internecie: \url{//pl.wikipedia.org/wiki/MIDI?oldid=64150834}",
}

@article{Tse2008,
author = {Tse, Chi and Liu, Xiao Fan and Small, Michael},
year = {2008},
month = {09},
pages = {},
journal = {Music from a complex network perspective},
title = {Analyzing and Composing Music with Complex Networks: Finding Structures in Bach's, Chopin's and Mozart's}
}

 @book{Elementy2002,
      title = {Elementy Algebry liniowej część I},
      author = {Banaszak, Grzegorz and Gajda, Wojciech},
      year = 2002,
      publisher = {Wydawnictwa Naukowo-Techniczne},
      address = {Warszawa}
      
 }
 
@misc{Walaszek2022,
 author = {Wałaszek, Jerzy},
 title = {Algorytmy i Struktury Danych},
 url = {https://eduinf.waw.pl/inf/alg/001_search/0069.php},
 publisher = {Serwis Edukacyjny w I-LO im. K.Brodzińskiego w Tarnowie},
 lastchecked = {11.01.2022},
 year = 2022
}

 @book{Repetytorium1977,
      title = {Repetytorium z algebry liniowej},
      author = {Guściora, H. and Sadowski, M.},
      year = 1977,
      publisher = {Państwowe Wydawnictwo Naukowe},
      address = {Warszawa}
      
 }
 
 
 @misc{Macierz_Obrotu_Wiki,
   title = "{Macierz obrotu}",
   howpublished = "[online]",
   month = "sierpień",
   year = "2021",
   note = "[dostęp: 2022-01-11]",
   annote = "Dostępny w Internecie: \url{//pl.wikipedia.org/wiki/Macierz_obrotu?oldid=64344812}"
}